% Bibliography for MSstatsPTM Manuscript

@article{Benjamini:1995,
author = {Benjamini, Y. and Hochberg, Y.},
title = {{Controlling the false discovery rate: a practical and powerful approach to multiple testing}},
journal = {J.R. Statist. Soc. B},
volume = {57},
number = {1},
pages = {289--300},
year = {1955}
}

%% lmer REML estimate
@article{Bolker2009,
author = {Bolker, Benjamin M. and Brooks, Mollie E. and Clark, Connie J. and Geange, Shane W. and Poulsen, John R. and Stevens, M. Henry H. and White, Jada Simone S.},
doi = {10.1016/j.tree.2008.10.008},
file = {:Users/meenachoi/Dropbox/Paper/Bolker2009{\_}review.pdf:pdf},
issn = {01695347},
journal = {Trends in Ecology and Evolution},
number = {3},
pages = {127--135},
pmid = {19185386},
title = {{Generalized linear mixed models: a practical guide for ecology and evolution}},
volume = {24},
year = {2009}
}

%% IsobarPTM
@article{Breitwieser:2013,
title = {IsobarPTM: A software tool for the quantitative analysis of post-translationally modified proteins},
journal = {Journal of Proteomics},
volume = {90},
pages = {77-84},
year = {2013},
doi = {https://doi.org/10.1016/j.jprot.2013.02.022},
url = {https://www.sciencedirect.com/science/article/pii/S1874391913000973},
author = {Florian P. Breitwieser and Jacques Colinge},
}

%% MSstats : bioinformatics
@article{Choi:2014,
author = {Choi,  M. and Chang, C. and Clough, T. and Broudy, D. and Killeen, T. and MacLean, B. and Vitek, O. },
title = {{MSstats: an R package for statistical analysis of quantitative mass spectrometry-based proteomic experiments}},
journal = {Bioinformatics},
volume = {30},
pages = {2524--2536},
year = {2014}
}

%%% mixed effects model in R
@book{Faraway:2006,
author = {Faraway, J. J.},
title = {{Extending the linear model with R}},
publisher = {Taylor \& Francis Group, LLC},
edition = {1st},
address   = {Boca Raton, FL},
year      = {2006}
}

@article{Huang:2020,
author = {Huang, T. and Choi, M and Tzouros, M and Golling, S and Pandya, NJ and Banfa, B and Dunkley, T and Vitek, O},
title = {{MSstatsTMT: Statistical Detection of Differentially Abundant Proteins in Experiments with Isobaric Labeling and Multiple Mixtures}},
journal = {Molecular \& Cellular Proteomics},
year = {2020},
volume = {19},
issue = {10},
pages = {1706-1723},
month = {oct}
}

@article{Kall:2011ub,
author = {K{\"a}ll, L. and Vitek, O.},
title = {{Computational mass spectrometry--based proteomics}},
journal = {PLoS Comput. Biol.},
year = {2011},
volume = {7},
issue = {12},
pages = {e1002277},
month = {dec}
}

@article{Olsen:2013,
author = {Olsen, J. and Mann, M.},
title = {{Status of Large-scale Analysis of Post-translational Modifications by Mass Spectrometry}},
journal = {Molecular \& Cellular Proteomics},
volume = {12},
number = {12},
pages = {3444-3452},
year = {2013}
}

%% satterthwaite df
@article{satterthwaite:1946,
  title={An approximate distribution of estimates of variance components},
  author={Satterthwaite, Franklin E},
  journal={Biometrics bulletin},
  volume={2},
  number={6},
  pages={110--114},
  year={1946},
  publisher={JSTOR}
}

%%% TMP
@book{Tukey:1977,
author = {Tukey, J. W.},
title = {{Exploratory data analysis}},
publisher = {Addison-Wesley},
year      = {1977}
}
